adamek@333.4086:1596451304